@article{tversky1974judgment,
  title={Judgment under uncertainty: Heuristics and biases},
  author={Tversky, Amos and Kahneman, Daniel},
  journal={Science},
  volume={185},
  number={4157},
  pages={1124--1131},
  year={1974},
  publisher={American Association for the Advancement of Science}
}

@book{kahneman2011thinking,
  title={Thinking, fast and slow},
  author={Kahneman, Daniel},
  year={2011},
  publisher={Macmillan}
}

@article{stanovich2000individual,
  title={Individual differences in reasoning: Implications for the rationality debate?},
  author={Stanovich, Keith E and West, Richard F},
  journal={Behavioral and brain sciences},
  volume={23},
  number={5},
  pages={645--665},
  year={2000},
  publisher={Cambridge University Press}
}

@article{frederick2005cognitive,
  title={Cognitive reflection and decision making},
  author={Frederick, Shane},
  journal={Journal of Economic perspectives},
  volume={19},
  number={4},
  pages={25--42},
  year={2005}
}

@article{hoppe2011behavioral,
  title={Behavioral biases and cognitive reflection},
  author={Hoppe, Eva I and Kusterer, David J},
  journal={Economics Letters},
  volume={110},
  number={2},
  pages={97--100},
  year={2011},
  publisher={Elsevier}
}

@article{haigh2016standard,
  title={The standard cognitive reflection test is robust to multiple exposures},
  author={Haigh, Matthew},
  journal={Behavioral Decision Making},
  volume={29},
  number={2-3},
  pages={138--142},
  year={2016},
  publisher={Wiley Online Library}
}

@article{wei2022chain,
  title={Chain of thought prompting elicits reasoning in large language models},
  author={Wei, Jason and Wang, Xuezhi and Schuurmans, Dale and Bosma, Maarten and Ichter, Brian and Xia, Fei and Chi, Ed and Le, Quoc and Zhou, Denny},
  journal={Advances in Neural Information Processing Systems},
  volume={35},
  pages={24824--24837},
  year={2022}
}





@article{wang2022selfconsistency,
  title={Self-consistency improves chain of thought reasoning in language models},
  author={Wang, Xuezhi and Wei, Jason and Schuurmans, Dale and Le, Quoc and Chi, Ed and Narang, Sharan and Chowdhery, Aakanksha and Zhou, Denny},
  journal={arXiv preprint arXiv:2203.11171},
  year={2022}
}

@article{sloman1996empirical,
  title={The empirical case for two systems of reasoning},
  author={Sloman, Steven A},
  journal={Psychological bulletin},
  volume={119},
  number={1},
  pages={3},
  year={1996},
  publisher={American Psychological Association}
}

@article{evans2003two,
  title={In two minds: Dual-process accounts of reasoning},
  author={Evans, Jonathan St BT},
  journal={Trends in cognitive sciences},
  volume={7},
  number={10},
  pages={454--459},
  year={2003},
  publisher={Elsevier}
}


